% This file was created with JabRef 2.4.
% Encoding: Cp1252


@MISC{wohlgethan,
  AUTHOR       = "Eric Wohlgethan",
  TITLE        = "{Supporting Web Development Decisions by
Comparing Three Major JavaScript Frameworks:
Angular, React and Vue.js
}",
  YEAR         = "2018",
  NOTE         = "Online erhältlich unter
                  \url{https://reposit.haw-hamburg.de/bitstream/20.500.12738/8417/1/BA_Wohlgethan_2176410.pdf};
                  abgerufen am 6. Dezember 2022."
}

@MISC{angularrouter,
  AUTHOR       = "Angular",
  TITLE        = "{Angular Router Official Documentation}",
  YEAR         = "2022",
  HOWPUBLISHED = "Website",
  NOTE         = "Online erhältlich unter
                  \url{https://angular.io/guide/router-reference};
                  abgerufen am 6. Dezember 2022."
}



